<record><leader>00000cas a22000007a 4500</leader><controlfield tag="001">14941985</controlfield><controlfield tag="008">861209d19031916iauir ne      0   a0eng d</controlfield><datafield ind1=" " ind2=" " tag="010"><subfield code="a">sn 86061215 </subfield></datafield><datafield ind1=" " ind2=" " tag="040"><subfield code="a">INP</subfield><subfield code="b">eng</subfield><subfield code="c">INP</subfield><subfield code="d">OCLCQ</subfield><subfield code="d">DLC</subfield><subfield code="d">OCLCF</subfield></datafield><datafield ind1="0" ind2=" " tag="022"><subfield code="a">2375-3285</subfield><subfield code="2">1</subfield></datafield><datafield ind1=" " ind2=" " tag="042"><subfield code="a">msc</subfield><subfield code="a">nsdp</subfield></datafield><datafield ind1=" " ind2=" " tag="043"><subfield code="a">n-us-ia</subfield></datafield><datafield ind1="0" ind2="0" tag="050"><subfield code="a">Newspaper</subfield></datafield><datafield ind1="0" ind2="0" tag="082"><subfield code="a">071</subfield><subfield code="2">23</subfield></datafield><datafield ind1=" " ind2="0" tag="222"><subfield code="a">Ottumwa tri-weekly courier</subfield><subfield code="b">(Print)</subfield></datafield><datafield ind1="0" ind2="0" tag="245"><subfield code="a">Ottumwa tri-weekly courier.</subfield></datafield><datafield ind1="1" ind2="3" tag="246"><subfield code="a">Tri-weekly courier</subfield></datafield><datafield ind1="1" ind2="3" tag="246"><subfield code="a">Ottumwa courier</subfield></datafield><datafield ind1=" " ind2=" " tag="260"><subfield code="a">Ottumwa, Iowa :</subfield><subfield code="b">Courier Print. Co.,</subfield><subfield code="c">1903-1916.</subfield></datafield><datafield ind1=" " ind2=" " tag="300"><subfield code="a">15 v. :</subfield><subfield code="b">ill. ;</subfield><subfield code="c">56 cm.</subfield></datafield><datafield ind1=" " ind2=" " tag="310"><subfield code="a">Triweekly</subfield></datafield><datafield ind1="0" ind2=" " tag="362"><subfield code="a">Vol. 55, no. 59 (Oct. 20, 1903)-v. 69, no. 21 (Sept. 26, 1916).</subfield></datafield><datafield ind1=" " ind2=" " tag="530"><subfield code="a">Archived issues are available in digital format from the Library of Congress Chronicling America online collection.</subfield></datafield><datafield ind1=" " ind2="0" tag="651"><subfield code="a">Ottumwa (Iowa)</subfield><subfield code="v">Newspapers.</subfield></datafield><datafield ind1=" " ind2="7" tag="655"><subfield code="a">Newspapers.</subfield><subfield code="2">fast</subfield><subfield code="0">(OCoLC)fst01423814</subfield></datafield><datafield ind1=" " ind2="7" tag="651"><subfield code="a">Iowa</subfield><subfield code="z">Ottumwa.</subfield><subfield code="2">fast</subfield><subfield code="0">(OCoLC)fst01218596</subfield></datafield><datafield ind1=" " ind2=" " tag="752"><subfield code="a">United States</subfield><subfield code="b">Iowa</subfield><subfield code="c">Wapello</subfield><subfield code="d">Ottumwa.</subfield></datafield><datafield ind1="0" ind2=" " tag="775"><subfield code="t">Ottumwa daily courier</subfield><subfield code="w">(DLC)sn 84027330</subfield><subfield code="w">(OCoLC)11048911</subfield></datafield><datafield ind1="0" ind2="8" tag="776"><subfield code="i">Online version:</subfield><subfield code="t">Ottumwa tri-weekly courier (Online)</subfield><subfield code="x">2375-3293</subfield><subfield code="w">(DLC)  2014218629</subfield><subfield code="w">(OCoLC)892533817</subfield></datafield><datafield ind1="0" ind2="0" tag="780"><subfield code="t">Ottumwa semi-weekly courier</subfield><subfield code="w">(DLC)sn 86061214</subfield><subfield code="w">(OCoLC)14941951</subfield></datafield><datafield ind1="0" ind2="0" tag="785"><subfield code="t">Ottumwa semi-weekly courier (1916)</subfield><subfield code="x">2375-3250</subfield><subfield code="w">(DLC)sn 86061216</subfield><subfield code="w">(OCoLC)14942033</subfield></datafield><datafield ind1="4" ind2="1" tag="856"><subfield code="u">http://www.loc.gov/chroniclingamerica/lccn/sn86061215/issues</subfield></datafield></record>